<record><leader>00000cas a2200000 a 4500</leader><controlfield tag="001">35734644</controlfield><controlfield tag="008">961014d19551985caudn ne      0    0eng c</controlfield><datafield ind1=" " ind2=" " tag="010"><subfield code="a">sn 96064446 </subfield></datafield><datafield ind1=" " ind2=" " tag="040"><subfield code="a">CNK</subfield><subfield code="b">eng</subfield><subfield code="c">CNK</subfield><subfield code="d">OCLCQ</subfield><subfield code="d">CNK</subfield><subfield code="d">OCLCQ</subfield><subfield code="d">OCLCF</subfield><subfield code="d">OCLCO</subfield></datafield><datafield ind1="1" ind2=" " tag="029"><subfield code="a">AU@</subfield><subfield code="b">000012910953</subfield></datafield><datafield ind1=" " ind2=" " tag="042"><subfield code="a">pcc</subfield></datafield><datafield ind1=" " ind2=" " tag="043"><subfield code="a">n-us-ca</subfield></datafield><datafield ind1="0" ind2=" " tag="130"><subfield code="a">Herald-news (Fontana, Calif.)</subfield></datafield><datafield ind1="1" ind2="4" tag="245"><subfield code="a">The herald-news.</subfield></datafield><datafield ind1=" " ind2=" " tag="260"><subfield code="a">Fontana, Calif. :</subfield><subfield code="b">Fontana Herald Pub. Co.</subfield></datafield><datafield ind1=" " ind2=" " tag="300"><subfield code="a">v.</subfield></datafield><datafield ind1=" " ind2=" " tag="310"><subfield code="a">Daily (except Sun.),</subfield><subfield code="b">Nov. 2, 1957-June 14, 1985</subfield></datafield><datafield ind1=" " ind2=" " tag="321"><subfield code="a">Daily (except Sat. and Sun.),</subfield><subfield code="b">Feb. 7, 1955-Nov. 1, 1957</subfield></datafield><datafield ind1="0" ind2=" " tag="362"><subfield code="a">Vol. 32, no. 173 (Feb. 7, 1955)-v. 63, no. 7 (June 14, 1985).</subfield></datafield><datafield ind1=" " ind2=" " tag="530"><subfield code="a">Master negatives are available for duplication from:</subfield><subfield code="b">California Newspaper Microfilm Archive;</subfield><subfield code="c">positive copies may be purchased by the reel; for further information consult the CNMA at:</subfield><subfield code="u">http://cbsr.ucr.edu</subfield></datafield><datafield ind1=" " ind2="0" tag="651"><subfield code="a">Fontana (Calif.)</subfield><subfield code="v">Newspapers.</subfield></datafield><datafield ind1=" " ind2="7" tag="655"><subfield code="a">Newspapers.</subfield><subfield code="2">fast</subfield><subfield code="0">(OCoLC)fst01423814</subfield></datafield><datafield ind1=" " ind2="7" tag="651"><subfield code="a">California</subfield><subfield code="z">Fontana.</subfield><subfield code="2">fast</subfield><subfield code="0">(OCoLC)fst01233897</subfield></datafield><datafield ind1=" " ind2=" " tag="752"><subfield code="a">United States</subfield><subfield code="b">California</subfield><subfield code="c">San Bernardino</subfield><subfield code="d">Fontana.</subfield></datafield><datafield ind1="0" ind2="0" tag="780"><subfield code="t">Fontana herald-news (Fontana, Calif.)</subfield><subfield code="w">(DLC)sn 96064445</subfield></datafield><datafield ind1="0" ind2="5" tag="780"><subfield code="t">News advertiser (Fontana, Calif.)</subfield><subfield code="w">(DLC)sn 96064461</subfield></datafield><datafield ind1="0" ind2="0" tag="785"><subfield code="t">Fontana herald-news</subfield><subfield code="w">(DLC)sn 95061124</subfield></datafield></record>